@String{pami = {T-PAMI}}
@String{t-ip = "T-IP"}
@String{ijcv = "IJCV"}
@String{cviu = "CVIU"}
@String{tog = "ACM TOG"}
@String{togsig = "ACM TOG (Proc. Siggraph)"}
@String{gmip = "Graphical models and image processing"}
@String{ivc = "Image and vision computing"}
@String{cvpr = "CVPR"}
@String{iccv = "ICCV"}
@String{eccv = "ECCV"}
@String{accv = "ACCV"}
@String{siggraph = "Siggraph"}
@String{bmvc = "BMVC"}
@String{nips = "NIPS"}
@String{icra = "ICRA"}
@String{cvprw = "CVPR Workshop"}


@inproceedings{feng2015learning,
  title={Learning The Structure of Deep Convolutional Networks},
  author={Feng, Jiashi and Darrell, Trevor},
  booktitle= iccv,
  year={2015}
}


@article{scardapane2016group,
  title={Group Sparse Regularization for Deep Neural Networks},
  author={Scardapane, Simone and Comminiello, Danilo and Hussain, Amir and Uncini, Aurelio},
  journal={arXiv preprint arXiv:1607.00485},
  year={2016}
}
